<record xmlns="http://www.loc.gov/MARC21/slim" xmlns:xsi="http://www.w3.org/2001/XMLSchema-instance" xsi:schemaLocation="http://www.loc.gov/MARC21/slim http://www.loc.gov/standards/marcxml/schema/MARC21slim.xsd"><leader>00778nz   2200169n  4500</leader><controlfield tag="001">oca04927420 </controlfield><controlfield tag="005">19990223143051.3</controlfield><controlfield tag="008">990223n| acannaab|          |n aaa |||  </controlfield><datafield ind1=" " ind2=" " tag="010"><subfield code="a">n  99015056 </subfield></datafield><datafield ind1=" " ind2=" " tag="040"><subfield code="a">DLC</subfield><subfield code="b">eng</subfield><subfield code="c">DLC</subfield></datafield><datafield ind1="0" ind2=" " tag="100"><subfield code="a">Leonidas,</subfield><subfield code="c">of Tarentum,</subfield><subfield code="d">fl. ca. 294-ca. 281 B.C.</subfield></datafield><datafield ind1=" " ind2=" " tag="670"><subfield code="a">Asclepiades of Samos and Leonidas of ... 1999:</subfield><subfield code="b">t.p. (Leonidas of Tarentum)</subfield></datafield><datafield ind1=" " ind2=" " tag="670"><subfield code="a">OCD, 1970</subfield><subfield code="b">(Leonidas of Tarentum, 1st half of 3rd century)</subfield></datafield><datafield ind1=" " ind2=" " tag="670"><subfield code="a">Smith, W. A classical dict of Greek and Roman biog. ... 1925</subfield><subfield code="b">(Leonidas of Tarentum)</subfield></datafield><datafield ind1=" " ind2=" " tag="670"><subfield code="a">Encyclopedia Britannica, 1970</subfield><subfield code="b">(Leonidas of Tarentum, 3rd century, b. after 315 B.C.)</subfield></datafield><datafield ind1=" " ind2=" " tag="670"><subfield code="a">BLC, 1979</subfield><subfield code="b">(Leonidas of Tarentum)</subfield></datafield><datafield ind1=" " ind2=" " tag="670"><subfield code="a">LC data base, 02-23-99</subfield><subfield code="b">(MLC hdg.: Leonidas, of Tarentum, fl. ca. 294-ca. 281 B.C.)</subfield></datafield></record>